<?xml version="1.0" encoding="UTF-8"?><collection xmlns="http://www.loc.gov/MARC21/slim"><record><leader>00516nam--2200193-i-4500</leader><controlfield tag="001">000047132</controlfield><controlfield tag="002">20161230</controlfield><controlfield tag="005">20161230201046</controlfield><controlfield tag="008">060222s1000------------r-----000-0-fre-d</controlfield><datafield ind1=" " ind2=" " tag="040"><subfield code="a">IFIN-HH</subfield></datafield><datafield ind1=" " ind2=" " tag="041"><subfield code="a">fre</subfield></datafield><datafield ind1=" " ind2=" " tag="080"><subfield code="a">53</subfield></datafield><datafield ind1="1" ind2=" " tag="100"><subfield code="a">Wehrle, Philippe</subfield></datafield><datafield ind1="1" ind2="0" tag="245"><subfield code="a">L`univers aleatoire. preface de ferdinand gonseth</subfield><subfield code="c">Phillipppe wehrle</subfield></datafield><datafield ind1=" " ind2=" " tag="260"><subfield code="a">Neuchatel</subfield><subfield code="b">Editiond Du Grifon</subfield><subfield code="c">1956</subfield></datafield><datafield ind1=" " ind2=" " tag="300"><subfield code="a">459P</subfield></datafield><datafield ind1=" " ind2=" " tag="490"><subfield code="a">Bibliotheque Scientifique. 29</subfield></datafield><datafield ind1=" " ind2=" " tag="852"><subfield code="a">14505</subfield><subfield code="c">53.01</subfield></datafield><datafield ind1=" " ind2=" " tag="CAT"><subfield code="a">Sys</subfield><subfield code="c">20151013</subfield><subfield code="h">085653</subfield></datafield></record></collection>